<record><leader>00000cas a22000007a 4500</leader><controlfield tag="001">11163810</controlfield><controlfield tag="008">840917d18751878inuwr ne      0    0eng d</controlfield><datafield ind1=" " ind2=" " tag="010"><subfield code="a">sn 84037948 </subfield></datafield><datafield ind1=" " ind2=" " tag="040"><subfield code="a">NPX</subfield><subfield code="b">eng</subfield><subfield code="c">NPX</subfield><subfield code="d">NPI</subfield><subfield code="d">OCLCQ</subfield><subfield code="d">NPI</subfield></datafield><datafield ind1=" " ind2=" " tag="042"><subfield code="a">msc</subfield></datafield><datafield ind1="0" ind2=" " tag="130"><subfield code="a">Michigan City news (Michigan City, Ind. : 1875)</subfield></datafield><datafield ind1="1" ind2="0" tag="245"><subfield code="a">Michigan City news.</subfield></datafield><datafield ind1=" " ind2=" " tag="260"><subfield code="a">Michigan City, Ind. :</subfield><subfield code="b">J.F. Rowins</subfield></datafield><datafield ind1=" " ind2=" " tag="310"><subfield code="a">Weekly</subfield></datafield><datafield ind1="1" ind2=" " tag="362"><subfield code="a">Began in Mar. 1875; ceased in 1878.</subfield></datafield><datafield ind1=" " ind2=" " tag="588"><subfield code="a">Description based on: Vol. 1, no. 12 (June 2, 1875).</subfield></datafield><datafield ind1=" " ind2=" " tag="752"><subfield code="a">United States</subfield><subfield code="b">Indiana</subfield><subfield code="c">LaPorte</subfield><subfield code="d">Michigan City.</subfield></datafield></record>